%% This BibTeX bibliography file was created using BibDesk.
%% http://bibdesk.sourceforge.net/


%% Created for Quinten Soetens at 2010-04-22 14:05:52 +0200 


%% Saved with string encoding Unicode (UTF-8) 


@comment{jabref-meta: selector_publisher:}
@comment{jabref-meta: selector_author:}
@comment{jabref-meta: selector_journal:}
@comment{jabref-meta: selector_keywords:}



@book{Demeyer2008,
	Annote = {book},
	Author = {Serge Demeyer and St{\'e}phane Ducasse and Oscar Nierstrasz},
	Isbn = {978-3-9523341-2-6},
	Keywords = {olit scg-pub snf-none jb09 skipdoi stefPub moose-pub},
	Publisher = {Square Bracket Associates},
	Title = {Object-Oriented Reengineering Patterns},
	Url = {http://www.iam.unibe.ch/~scg/OORP},
	Year = {2008},
	Bdsk-Url-1 = {http://www.iam.unibe.ch/~scg/OORP}}
